@INPROCEEDINGS{CSCCFD,
	author={Alejandro Correa Bahnsen and Aleksandar Stojanovic and Djamila Aouada and Björn Ottersten},
	booktitle={2013 12th International Conference on Machine Learning and Applications},
	title={Cost Sensitive Credit Card Fraud Detection Using Bayes Minimum Risk},
	year={2013},
	volume={1},
	number={},
	pages={333-338},
	keywords={Bayes methods;credit transactions;fraud;learning (artificial intelligence);risk analysis;cost sensitive credit card fraud detection;Bayes minimum risk;card holders;machine learning;cost measure;real life transactional data;European card processing company;Databases;Credit cards;Radio frequency;Optimization;Training;Companies;Loss measurement;Credit card fraud detection;Bayesian decision theory;Cost sensitive classification},
	doi={10.1109/ICMLA.2013.68},
	ISSN={},
	month={Dec},
}
@inbook{ICCFD,
	author = {Alejandro Correa Bahnsen and Aleksandar Stojanovic and Djamila Aouada and Björn Ottersten},
	title = {Improving Credit Card Fraud Detection with Calibrated Probabilities},
	booktitle = {Proceedings of the 2014 SIAM International Conference on Data Mining},
	chapter = {},
	pages = {677-685},
	doi = {10.1137/1.9781611973440.78},
	URL = {https://epubs.siam.org/doi/abs/10.1137/1.9781611973440.78},
	eprint = {https://epubs.siam.org/doi/pdf/10.1137/1.9781611973440.78}
}
@misc{alej2015ensemble,
    title={Ensemble of Example-Dependent Cost-Sensitive Decision Trees},
    author={Alejandro Correa Bahnsen and Djamila Aouada and Bjorn Ottersten},
    year={2015},
    eprint={1505.04637},
    archivePrefix={arXiv},
    primaryClass={cs.LG}
}
@inproceedings{Chen:2016:XST:2939672.2939785,
	author = {Chen, Tianqi and Guestrin, Carlos},
	title = {{XGBoost}: A Scalable Tree Boosting System},
	booktitle = {Proceedings of the 22nd ACM SIGKDD International Conference on Knowledge Discovery and Data Mining},
	series = {KDD '16},
	year = {2016},
	isbn = {978-1-4503-4232-2},
	location = {San Francisco, California, USA},
	pages = {785--794},
	numpages = {10},
	url = {http://doi.acm.org/10.1145/2939672.2939785},
	doi = {10.1145/2939672.2939785},
	acmid = {2939785},
	publisher = {ACM},
	address = {New York, NY, USA},
	keywords = {large-scale machine learning},
}
@inproceedings{sklearn_api,
	author    = {Lars Buitinck and Gilles Louppe and Mathieu Blondel and
	Fabian Pedregosa and Andreas Mueller and Olivier Grisel and
	Vlad Niculae and Peter Prettenhofer and Alexandre Gramfort
	and Jaques Grobler and Robert Layton and Jake VanderPlas and
	Arnaud Joly and Brian Holt and Ga{\"{e}}l Varoquaux},
	title     = {{API} design for machine learning software: experiences from the scikit-learn
	project},
	booktitle = {ECML PKDD Workshop: Languages for Data Mining and Machine Learning},
	year      = {2013},
	pages = {108--122},
}
