@INPROCEEDINGS{CSCCFD,
author={A. C. {Bahnsen} and A. {Stojanovic} and D. {Aouada} and B. {Ottersten}},
booktitle={2013 12th International Conference on Machine Learning and Applications},
title={Cost Sensitive Credit Card Fraud Detection Using Bayes Minimum Risk},
year={2013},
volume={1},
number={},
pages={333-338},
keywords={Bayes methods;credit transactions;fraud;learning (artificial intelligence);risk analysis;cost sensitive credit card fraud detection;Bayes minimum risk;card holders;machine learning;cost measure;real life transactional data;European card processing company;Databases;Credit cards;Radio frequency;Optimization;Training;Companies;Loss measurement;Credit card fraud detection;Bayesian decision theory;Cost sensitive classification},
doi={10.1109/ICMLA.2013.68},
ISSN={},
month={Dec},}


@inbook{ICCFD,
author = {Alejandro Correa Bahnsen and Aleksandar Stojanovic and Djamila Aouada and Bj√∂rn Ottersten},
title = {Improving Credit Card Fraud Detection with Calibrated Probabilities},
booktitle = {Proceedings of the 2014 SIAM International Conference on Data Mining},
chapter = {},
pages = {677-685},
doi = {10.1137/1.9781611973440.78},
URL = {https://epubs.siam.org/doi/abs/10.1137/1.9781611973440.78},
eprint = {https://epubs.siam.org/doi/pdf/10.1137/1.9781611973440.78}
}

@misc{alej2015ensemble,
    title={Ensemble of Example-Dependent Cost-Sensitive Decision Trees},
    author={Alejandro Correa Bahnsen and Djamila Aouada and Bjorn Ottersten},
    year={2015},
    eprint={1505.04637},
    archivePrefix={arXiv},
    primaryClass={cs.LG}
}

